%Identificador para citar rising2000scrum
@article{uno,
  title={The Scrum software development process for small teams},
  author={Rising, Linda and Janoff, Norman S},
  journal={IEEE software},
  volume={17},
  number={4},
  pages={26--32},
  year={2000},
  publisher={IEEE}
}


@book{dos,
  title={Agile software development with Scrum},
  author={Schwaber, Ken and Beedle, Mike},
  year={2001},
  publisher={Prentice Hall PTR}
}