

@misc{papadopoulos2000system,
  title={System for remotely accessing an industrial control system over a commercial communications network},
  author={Papadopoulos, A Dean and Tanzman, Allan and Baker Jr, Richard A and Belliardi, Rodolfo G and Dube, Dennis JW},
  year={2000},
  month=may # "~9",
  publisher={Google Patents},
  note={US Patent 6,061,603}
}

@article{sanchiseconomic,
  title={Economic Feasibility of Wireless Sensor Network-Based Service Provision in a Duopoly Setting with a Monopolist Operator},
  author={Sanchis-Cano, Angel and Romero, Juli{\'a}n and Sacoto-Cabrera, Erwin J and Guijarro, Luis}
}

@article{zhang2019advanced,
  title={Advanced Industrial Networks with IoT and Big Data},
  author={Zhang, Yan and Mukherjee, Mithun and Wu, Celimuge and Zhou, Ming-Tuo},
  journal={Mobile Networks and Applications},
  pages={1--3},
  year={2019},
  publisher={Springer}
}

@inproceedings{nolan2019adaptive,
  title={Adaptive industrial IOT/CPS messaging strategies for improved edge compute utility},
  author={Nolan, Michael and McGrath, Michael J and Spoczynski, Marcin and Healy, D{\'a}ire},
  booktitle={Proceedings of the Workshop on Fog Computing and the IoT},
  pages={16--20},
  year={2019},
  organization={ACM}
}

@article{balaji2019iot,
  title={IoT Technology, Applications and Challenges: A Contemporary Survey},
  author={Balaji, S and Nathani, Karan and Santhakumar, R},
  journal={Wireless Personal Communications},
  pages={1--26},
  year={2019},
  publisher={Springer}
}
@article{gubbi2013internet,
  title={Internet of Things (IoT): A vision, architectural elements, and future directions},
  author={Gubbi, Jayavardhana and Buyya, Rajkumar and Marusic, Slaven and Palaniswami, Marimuthu},
  journal={Future generation computer systems},
  volume={29},
  number={7},
  pages={1645--1660},
  year={2013},
  publisher={Elsevier}
}

@book{yan2008internet,
  title={The Internet of things: from RFID to the next-generation pervasive networked systems},
  author={Yan, Lu and Zhang, Yan and Yang, Laurence T and Ning, Huansheng},
  year={2008},
  publisher={Crc Press}
}

@article{sanchez2014smartsantander,
  title={SmartSantander: IoT experimentation over a smart city testbed},
  author={Sanchez, Luis and Mu{\~n}oz, Luis and Galache, Jose Antonio and Sotres, Pablo and Santana, Juan R and Gutierrez, Veronica and Ramdhany, Rajiv and Gluhak, Alex and Krco, Srdjan and Theodoridis, Evangelos and others},
  journal={Computer Networks},
  volume={61},
  pages={217--238},
  year={2014},
  publisher={Elsevier}
}
@article{madakam2015internet,
  title={Internet of Things (IoT): A literature review},
  author={Madakam, Somayya and Ramaswamy, R and Tripathi, Siddharth},
  journal={Journal of Computer and Communications},
  volume={3},
  number={05},
  pages={164},
  year={2015},
  publisher={Scientific Research Publishing}
}

@incollection{palattella20146tisch,
  title={6tisch wireless industrial networks: Determinism meets ipv6},
  author={Palattella, Maria Rita and Thubert, Pascal and Vilajosana, Xavier and Watteyne, Thomas and Wang, Qin and Engel, Thomas},
  booktitle={Internet of Things},
  pages={111--141},
  year={2014},
  publisher={Springer}
}

@article{palattella2016internet,
  title={Internet of things in the 5G era: Enablers, architecture, and business models},
  author={Palattella, Maria Rita and Dohler, Mischa and Grieco, Alfredo and Rizzo, Gianluca and Torsner, Johan and Engel, Thomas and Ladid, Latif},
  journal={IEEE Journal on Selected Areas in Communications},
  volume={34},
  number={3},
  pages={510--527},
  year={2016},
  publisher={IEEE}
}

@incollection{gilchrist2016designing,
  title={Designing industrial internet systems},
  author={Gilchrist, Alasdair},
  booktitle={Industry 4.0},
  pages={87--118},
  year={2016},
  publisher={Springer}
}

@inproceedings{bonavolonta2017enabling,
  title={Enabling wireless technologies for industry 4.0: State of the art},
  author={Bonavolont{\`a}, Francesco and Tedesco, Annarita and Moriello, Rosario Schiano Lo and Tufano, Antonio},
  booktitle={2017 IEEE International Workshop on Measurement and Networking (M\&N)},
  pages={1--5},
  year={2017},
  organization={IEEE}
}

@inproceedings{marcon2017communication,
  title={Communication technology for industry 4.0},
  author={Marcon, P and Zezulka, F and Vesely, I and Szabo, Z and Roubal, Z and Sajdl, O and Gescheidtova, E and Dohnal, P},
  booktitle={2017 Progress In Electromagnetics Research Symposium-Spring (PIERS)},
  pages={1694--1697},
  year={2017},
  organization={IEEE}
}

@inproceedings{hunkeler2008mqtt,
  title={MQTT-Sâ€”A publish/subscribe protocol for Wireless Sensor Networks},
  author={Hunkeler, Urs and Truong, Hong Linh and Stanford-Clark, Andy},
  booktitle={2008 3rd International Conference on Communication Systems Software and Middleware and Workshops (COMSWARE'08)},
  pages={791--798},
  year={2008},
  organization={IEEE}
}

@article{banks2014mqtt,
  title={MQTT Version 3.1. 1},
  author={Banks, Andrew and Gupta, Rahul},
  journal={OASIS standard},
  volume={29},
  pages={89},
  year={2014}
}

@techreport{shelby2014constrained,
  title={The constrained application protocol (CoAP)},
  author={Shelby, Zach and Hartke, Klaus and Bormann, Carsten},
  year={2014}
}

@article{vinoski2006advanced,
  title={Advanced message queuing protocol},
  author={Vinoski, Steve},
  journal={IEEE Internet Computing},
  number={6},
  pages={87--89},
  year={2006},
  publisher={IEEE}
}

@inproceedings{pardo2003omg,
  title={Omg data-distribution service: Architectural overview},
  author={Pardo-Castellote, Gerardo},
  booktitle={23rd International Conference on Distributed Computing Systems Workshops, 2003. Proceedings.},
  pages={200--206},
  year={2003},
  organization={IEEE}
}

@techreport{saint2011extensible,
  title={Extensible messaging and presence protocol (XMPP): Core},
  author={Saint-Andre, Peter},
  year={2011}
}

@article{stanford2013mqtt,
  title={Mqtt for sensor networks (mqtt-sn) protocol specification},
  author={Stanford-Clark, Andy and Truong, Hong Linh},
  journal={International business machines (IBM) Corporation version},
  volume={1},
  year={2013}
}

@techreport{fette2011websocket,
  title={The websocket protocol},
  author={Fette, Ian and Melnikov, Alexey},
  year={2011}
}

@inproceedings{guohuan2009research,
  title={Research on designing method of CAN bus and Modbus protocol conversion interface},
  author={Guohuan, Lou and Hao, Zhang and Wei, Zhao},
  booktitle={2009 International Conference on Future BioMedical Information Engineering (FBIE)},
  pages={180--182},
  year={2009},
  organization={IEEE}
}

@inproceedings{profanter2019opc,
  title={OPC UA versus ROS, DDS, and MQTT: Performance Evaluation of Industry 4.0 Protocols},
  author={Profanter, Stefan and Tekat, Ayhun and Dorofeev, Kirill and Rickert, Markus and Knoll, Alois},
  booktitle={Proceedings of the IEEE International Conference on Industrial Technology (ICIT)},
  year={2019}
}

@inproceedings{sacoto2017internet,
  title={Internet of Things: Informatic system for metering with communications MQTT over GPRS for smart meters},
  author={Sacoto-Cabrera, Erwin and Rodriguez-Bustamante, Jorge and Gallegos-Segovia, Pablo and Arevalo-Quishpi, Gabriela and Le{\'o}n-Paredes, Gabriel},
  booktitle={2017 CHILEAN Conference on Electrical, Electronics Engineering, Information and Communication Technologies (CHILECON)},
  pages={1--6},
  year={2017},
  organization={IEEE}
}


@mastersthesis{encalada2018diseno,
  title={Dise{\~n}o, desarrollo e implementaci{\'o}n de una estaci{\'o}n meteorol{\'o}gica basada en una red jer{\'a}rquica de sensores, software libre y sistemas embebidos para la Empresa ELECAUSTRO en la Minicentral Gualaceo utilizando comunicaci{\'o}n MQTT y MODBUS},
  author={Encalada, Palaguachi and Isabel, Sonia},
  type={{B.S.} thesis},
  year={2018}
}

@inproceedings{vimos2016conceptual,
  title={Conceptual architecture definition: Implementation of a network sensor using Arduino devices and multiplatform applications through OPC UA},
  author={Vimos, V and Sacoto, E and Morales, DX},
  booktitle={2016 IEEE International Conference on Automatica (ICA-ACCA)},
  pages={1--5},
  year={2016},
  organization={IEEE}
}

@article{jaloudi2019communication,
  title={Communication Protocols of an Industrial Internet of Things Environment: A Comparative Study},
  author={Jaloudi, Samer},
  journal={Future Internet},
  volume={11},
  number={3},
  pages={66},
  year={2019},
  publisher={Multidisciplinary Digital Publishing Institute}
}

@inproceedings{han2010convergence,
  title={Convergence of sensor networks/internet of things and power grid information network at aggregation layer},
  author={Han, Dahai and Zhang, Jie and Zhang, Yongjun and Gu, Wanyi},
  booktitle={2010 International Conference on Power System Technology},
  pages={1--6},
  year={2010},
  organization={IEEE}
}

@mastersthesis{quishpi2016implementacion,
  title={Implementaci{\'o}n de un sistema de supervisi{\'o}n y monitorizaci{\'o}n del consumo de energ{\'\i}a el{\'e}ctrica y agua potable, utilizando redes Het-Net para la transmisi{\'o}n de datos; con la finalidad de obtener informaci{\'o}n oportuna para una eficiente facturaci{\'o}n y disminuir perdidas en la dotaci{\'o}n de los servicios},
  author={Quishpi, Ar{\'e}valo and Paola, Gabriela and Rodr{\'\i}guez Bustamante, Jorge Luis},
  type={{B.S.} thesis},
  year={2016}
}

@inproceedings{gallegos2017internet,
  title={Internet of Things as an attack vector to critical infrastructures of cities},
  author={Gallegos-Segovia, Pablo L and Bravo-Torres, Jack F and Argudo-Parra, Johnny J and Sacoto-Cabrera, Erwin J and Larios-Rosillo, Victor M},
  booktitle={2017 International Caribbean Conference on Devices, Circuits and Systems (ICCDCS)},
  pages={117--120},
  year={2017},
  organization={IEEE}
}

@inproceedings{low2005wireless,
  title={Wireless sensor networks for industrial environments},
  author={Low, Kay Soon and Win, Win Nu Nu and Er, Meng Joo},
  booktitle={International Conference on Computational Intelligence for Modelling, Control and Automation and International Conference on Intelligent Agents, Web Technologies and Internet Commerce (CIMCA-IAWTIC'06)},
  volume={2},
  pages={271--276},
  year={2005},
  organization={IEEE}
}

@article{goldenberg2013accurate,
  title={Accurate modeling of Modbus/TCP for intrusion detection in SCADA systems},
  author={Goldenberg, Niv and Wool, Avishai},
  journal={International Journal of Critical Infrastructure Protection},
  volume={6},
  number={2},
  pages={63--75},
  year={2013},
  publisher={Elsevier}
}

@misc{ASH:2013:Online,
author = {LCDS Leao Consultoria},
title = {Laquis SCADA},
year = {2017},
howpublished = "url{http://laquisscada.com/index.html}",
urldate = {01-06-2019}
}
@misc{stouffer2006guide,
  title={Guide to supervisory control and data acquisition (SCADA) and industrial control systems security},
  author={Stouffer, Keith and Falco, Joe},
  year={2006},
  publisher={National institute of standards and technology}
}

@article{johnson2016securing,
  title={Securing the participation of safety-critical SCADA systems in the industrial internet of things},
  author={Johnson, Chris},
  year={2016}
}

@book{lampkin2012building,
  title={Building smarter planet solutions with mqtt and IBM websphere mq telemetry},
  author={Lampkin, Valerie and Leong, Weng Tat and Olivera, Leonardo and Rawat, Sweta and Subrahmanyam, Nagesh and Xiang, Rong and Kallas, Gerald and Krishna, Neeraj and Fassmann, Stefan and Keen, Martin and others},
  year={2012},
  publisher={IBM Redbooks}
}

@misc{bworldm,
  author = {mosquitto.org},
  title = {{MQTT man page}},
  howpublished = "\url{https://mosquitto.org/man/mqtt-7.html}",
  year = {2019}, 
  note = "[Online; accessed 19-July-2019]"
}

@ARTICLE{8789574,
  author={V. {Vimos} and E. J. {Sacoto Cabrera}},
  journal={IEEE Latin America Transactions}, 
  title={Results of the implementation of a sensor network based on Arduino devices and multiplatform applications using the standard OPC UA}, 
  year={2018},
  volume={16},
  number={9},
  pages={2496-2502},}

@Article{leon2019ship,
  author    = {Le{\'o}n-Paredes, Gabriel Alejandro and Barbosa-Santill{\'a}n, Liliana Ibeth and S{\'a}nchez-Escobar, Juan Jaime and Pareja-Lora, Antonio},
  title     = {Ship-SIBISCaS: A First Step towards the Identification of Potential Maritime Law Infringements by means of LSA-Based Image},
  journal   = {Scientific Programming},
  year      = {2019},
  volume    = {2019},
  publisher = {Hindawi},
}

@inproceedings{@inproceedings{dai2004unifying,
  title={Unifying micro sensor networks with the internet via overlay networking [wireless networks]},
  author={Dai, Hui and Han, Richard},
  booktitle={29th Annual IEEE International Conference on Local Computer Networks},
  pages={571--572},
  year={2004},
  organization={IEEE}
}

@inproceedings{dai2004unifying,
  title={Unifying micro sensor networks with the internet via overlay networking [wireless networks]},
  author={Dai, Hui and Han, Richard},
  booktitle={29th Annual IEEE International Conference on Local Computer Networks},
  pages={571--572},
  year={2004},
  organization={IEEE}
}
@inproceedings{brinsfield1988unified,
  title={Unified network management architecture (UNMA)},
  author={Brinsfield, JG},
  booktitle={IEEE International Conference on Communications,-Spanning the Universe.},
  pages={1135--1141},
  year={1988},
  organization={IEEE}
}
@article{akyildiz2002wireless,
  title={Wireless sensor networks: a survey},
  author={Akyildiz, Ian F and Su, Weilian and Sankarasubramaniam, Yogesh and Cayirci, Erdal},
  journal={Computer networks},
  volume={38},
  number={4},
  pages={393--422},
  year={2002},
  publisher={Elsevier}
}
@book{fahmy2020wireless,
  title={Wireless sensor networks},
  author={Fahmy, Hossam Mahmoud Ahmad},
  year={2020},
  publisher={Springer}
}
@incollection{alani2014osi,
  title={OSI model},
  author={Alani, Mohammed M},
  booktitle={Guide to OSI and TCP/IP Models},
  pages={5--17},
  year={2014},
  publisher={Springer}
}
@article{singh2010optimized,
  title={An optimized round robin scheduling algorithm for CPU scheduling},
  author={Singh, Ajit and Goyal, Priyanka and Batra, Sahil},
  journal={International Journal on Computer Science and Engineering},
  volume={2},
  number={07},
  pages={2383--2385},
  year={2010}
}

