% This file was created with JabRef 2.10.
% Encoding: Cp1252


@Book{moreno1999automatizacion,
  Title                    = {Automatizaci{\'o}n de procesos industriales: rob{\'o}tica y autom{\'a}tica},
  Author                   = {Moreno, Emilio Garc{\'\i}a},
  Publisher                = {Ed. Univ. Polit{\'e}c. Valencia},
  Year                     = {1999}
}

@Book{moreno1999grafcet,
  Title                    = {Grafcet y Gemma: Herramientas de modelado para sistemas de eventos discretos},
  Author                   = {Moreno, Emilio Garc{\'\i}a},
  Publisher                = {Universidad Polit{\'e}cnica de Valencia. Servicio de Publicaciones},
  Year                     = {1999}
}

@Article{piedrafita2004ingenieria,
  Title                    = {Ingenier{\'\i}a de la automatizaci{\'o}n industrial},
  Author                   = {Piedrafita Moreno, Ram{\'o}n},
  Journal                  = {Ra-ma},
  Year                     = {2004},
  Volume                   = {2}
}

@Book{ramirez1994automatizacion,
  Title                    = {Automatizaci{\'o}n: problemas resueltos con aut{\'o}matas programables},
  Author                   = {Ram{\'\i}rez, Juan Pedro Romera and Lorite, J Antonio and Montoro, Sebasti{\'a}n},
  Publisher                = {Thomson-Paraninfo},
  Year                     = {1994}
}

